@book{world2015global,
  title={Global status report on road safety 2015},
  author={World Health Organization},
  year={2015},
  publisher={World Health Organization}
}

@inproceedings{Andrej1,
  title={The Unreasonable effectiveness of Recurrent Neural Networks},
  author={Andrej Karpathy},
  year={May 2015}
}

@article{robusto1957cosine,
  title={The cosine-haversine formula},
  author={Robusto, C Carl},
  journal={The American Mathematical Monthly},
  volume={64},
  number={1},
  pages={38--40},
  year={1957},
  publisher={JSTOR}
}

@inproceedings{mikolov2,
  title={Recurrent neural network based language model},
  author={T Mikolov, M Karafiát, L Burget, J Cerno},
  booktitle={Interspeech, 2010 - fit.vutbr.cz},
  year={2010}
}

@inproceedings{chunchi3,
  title={Creating melodies with evolving recurrent neural networks},
  author={Chun-Chi J. Chen and Risto Miikkulainen},
  booktitle={Proceedings of the 2001 International Joint Conference on Neural Networks},
  year={2001}
}
@inproceedings{nicolas4,
  title={Modeling temporal dependencies in high-dimensional sequences: Application to polyphonic music generation and transcription},
  author={Nicolas Boulanger-Lewandowski, Yoshua Bengio, and Pascal Vincent},
  booktitle={ Proceedings of the 29th International Conference on Machine Learning},
  year={2012}
}
@inproceedings{douglas5,
  title={A ﬁrst look at music composition using lstm recurrent neural networks},
  author={Douglas Eck and Jurgen Schmidhuber},
  booktitle={Technical Report No. IDSIA-07-02, 2002},
  year={2002}
}
@inproceedings{huang6,
  title={Deep learning for music},
  author={A Huang, R Wu},
  booktitle={arXiv preprintarXiv:1606.04930,2016},
  year={2016}
}

